<collection xmlns="http://www.loc.gov/MARC21/slim"><record><leader>00573nam  2200181   450</leader><controlfield tag="001">991</controlfield><controlfield tag="003">http://montalegre.opacnet.com/OPAC/default.aspx?ContentAreaControl=ShowRegHoldings.ascx&amp;RegNo=16662</controlfield><datafield tag="100" ind1=" " ind2=" "><subfield code="a">19991117d1967    m  y0pory010305  ba</subfield></datafield><datafield tag="101" ind1="0" ind2=" "><subfield code="a">por</subfield><subfield code="c">eng</subfield></datafield><datafield tag="102" ind1=" " ind2=" "><subfield code="a">PT</subfield></datafield><datafield tag="106" ind1=" " ind2=" "><subfield code="a">r</subfield></datafield><datafield tag="200" ind1="1" ind2=" "><subfield code="a">&lt;A &gt;gente com quem ela anda</subfield><subfield code="f">Mary McCarthy</subfield><subfield code="g">trad. Carmen Gonzalez</subfield></datafield><datafield tag="210" ind1=" " ind2=" "><subfield code="a">Lisboa</subfield><subfield code="c">Estúdios Cor</subfield><subfield code="d">imp. 1967</subfield></datafield><datafield tag="215" ind1=" " ind2=" "><subfield code="a">299, [4] p.</subfield><subfield code="d">22 cm</subfield></datafield><datafield tag="225" ind1="2" ind2=" "><subfield code="a">Latitude</subfield><subfield code="v">64</subfield></datafield><datafield tag="700" ind1=" " ind2="1"><subfield code="a">MacCarthy</subfield><subfield code="b">Mary</subfield><subfield code="f">1912-1989</subfield></datafield><datafield tag="702" ind1=" " ind2="1"><subfield code="9">1</subfield><subfield code="a">González</subfield><subfield code="b">Carmen</subfield><subfield code="4">730</subfield></datafield><datafield tag="801" ind1=" " ind2="0"><subfield code="a">PT</subfield><subfield code="b">Biblioteca Municipal de Montalegre</subfield><subfield code="g">RPC</subfield></datafield><datafield tag="909" ind1="&#9;" ind2=" "><subfield code="a">1</subfield></datafield><datafield tag="966" ind1=" " ind2=" "><subfield code="a">0009206</subfield><subfield code="l">BMM</subfield><subfield code="s">SCG 821 McC gen 64</subfield></datafield></record></collection>